<record><leader>00000cas a22000007a 4500</leader><controlfield tag="001">11636489</controlfield><controlfield tag="008">850130d18uu1832njuwr ne      0    0eng d</controlfield><datafield ind1=" " ind2=" " tag="010"><subfield code="a">sn 85025305 </subfield></datafield><datafield ind1=" " ind2=" " tag="040"><subfield code="a">NPX</subfield><subfield code="b">eng</subfield><subfield code="c">NPX</subfield><subfield code="d">CNK</subfield><subfield code="d">OCLCQ</subfield></datafield><datafield ind1=" " ind2=" " tag="042"><subfield code="a">msc</subfield></datafield><datafield ind1="0" ind2="4" tag="245"><subfield code="a">The New Jersey chronicle &amp; herald.</subfield></datafield><datafield ind1="1" ind2="3" tag="246"><subfield code="a">New Jersey chronicle and herald</subfield></datafield><datafield ind1="1" ind2="3" tag="246"><subfield code="a">Chronicle &amp; herald</subfield></datafield><datafield ind1="1" ind2="3" tag="246"><subfield code="a">Chronicle and herald</subfield></datafield><datafield ind1=" " ind2=" " tag="260"><subfield code="a">Mount Holly [N.J.] :</subfield><subfield code="b">W.R. Moore</subfield></datafield><datafield ind1=" " ind2=" " tag="300"><subfield code="a">v.</subfield></datafield><datafield ind1=" " ind2=" " tag="310"><subfield code="a">Weekly</subfield></datafield><datafield ind1="1" ind2=" " tag="362"><subfield code="a">Ceased in 1832.</subfield><subfield code="z">Cf. Direct. of N.J. newspapers, 1765-1970.</subfield></datafield><datafield ind1=" " ind2=" " tag="500"><subfield code="a">"The New Jersey" appears above title ornament, &lt;1830&gt;.</subfield></datafield><datafield ind1=" " ind2=" " tag="588"><subfield code="a">Description based on: New ser., vol. 2, no. 4 (Aug. 20, 1830) = whole no. 131.</subfield></datafield><datafield ind1=" " ind2=" " tag="752"><subfield code="a">United States</subfield><subfield code="b">New Jersey</subfield><subfield code="c">Burlington</subfield><subfield code="d">Mount Holly.</subfield></datafield><datafield ind1="0" ind2="0" tag="780"><subfield code="t">New Jersey chronicle</subfield><subfield code="w">(DLC)sn 84020501</subfield></datafield><datafield ind1="0" ind2="0" tag="785"><subfield code="t">Burlington County herald (1832)</subfield><subfield code="w">(DLC)sn 84026147</subfield></datafield></record>